@article{giddings2020characterization,
  title={Characterization of an acid rock drainage microbiome and transcriptome at the Ely Copper Mine Superfund site},
  author={Giddings, Lesley-Ann and Chlipala, George and Kunstman, Kevin and Green, Stefan and Morillo, Katherine and Bhave, Kieran and Peterson, Holly and Driscoll, Heather and Maienschein-Cline, Mark},
  journal={PloS one},
  volume={15},
  number={8},
  pages={e0237599},
  year={2020},
  publisher={Public Library of Science San Francisco, CA USA}
}

@article{bontemps2018global,
  title={Global profiling of lysine acetylation in Borrelia burgdorferi B31 reveals its role in central metabolism},
  author={Bontemps-Gallo, S{\'e}bastien and Gaviard, Charlotte and Richards, Crystal L and Kentache, Takfarinas and Raffel, Sandra J and Lawrence, Kevin A and Schindler, Joseph C and Lovelace, Joseph and Dulebohn, Daniel P and Cluss, Robert G and others},
  journal={Frontiers in microbiology},
  volume={9},
  pages={2036},
  year={2018},
  publisher={Frontiers}
}

@Manual{stargazer,
	title = {stargazer: Well-Formatted Regression and Summary Statistics Tables},
	author = {Marek Hlavac},
	year = {2018},
	note = {R package version 5.2.2},
	organization = {Central European Labour Studies Institute (CELSI)},
	address = {Bratislava, Slovakia},
	url = {https://CRAN.R-project.org/package=stargazer},
}
