@Book{homer2011,
	author = {Homer},
	title = {The Iliad of Homer},
	publisher = {University of Chicago Press},
	year = {2011},
	address = {Chicago London},
	isbn = {978-0226470498}
}